%/*
% *  literatur.bib
% *     declare libraries, refences, sources of information used to write a document.
% *
% *     Created on: 19. 04. 2015
% *  last modified: 19. 04. 2015
% *         Author: KDTS
% *        Version: 0.0.1
% */

%COMMENT Literatur fuer die Projektarbeit zur Vorlesung: Fortgeschrittene Algorithmen der numerischen Physik
@book{schwarz2011numerische,
  title={Numerische Mathematik},
  author={Schwarz, H.R. and K{\"o}ckler, N.},
  isbn={9783834881663},
  year={2011},
  publisher={Vieweg+Teubner Verlag}
}

@book{rieg2014finite,
  title={Finite Elemente Analyse f{\"u}r Ingenieure: Grundlagen und praktische Anwendungen mit Z88Aurora},
  author={Rieg, F. and Hackenschmidt, R. and Alber-Laukant, B.},
  isbn={9783446443181},
  year={2014},
  publisher={Carl Hanser Verlag GmbH \& Company KG}
}

@book{kaballo2011grundkurs,
  title={Grundkurs Funktionalanalysis},
  author={Kaballo, W.},
  isbn={9783827427212},
  year={2011},
  publisher={Spektrum Akademischer Verlag}
}


@url{svgInLatex,
  Keywords = {Svg},
  Title = {Svg-Datei In Latex-Dokument Einbinden},
  author={Kossi D. T. Saka},
  Url = {http://wpress.justhackit.de/hacks/latex/svg-datei-in-latex-dokument-einbinden/}
}


